%% Created for Jannes  at 2015-06-22 17:21:34 +0200 


%% Saved with string encoding Unicode (UTF-8) 



@book{jaenich,
	Author = {Klaus Jänich},
	Publisher = {Springer},
	Title = {Vector Analysis},
	Year = {2001}}

@book{schill,
	Author = {René L. Schilling},
	Edition = {1},
	Publisher = {Cambridge University Press},
	Title = {Measures, Integrals and Martingales},
	Year = {2005}}

@book{bell,
	Author = {Richard Bellman},
	Edition = {2},
	Publisher = {McGraw-Hill},
	Title = {Introduction to Matrix Analysis},
	Year = {1970}}

@unpublished{diffma,
	Author = {Kai Zehmisch},
	Howpublished = {Mitschrift ge\TeX{}t von Jannes Bantje},
	Title = {Differentialformen und Mannigfaltigkeiten},
	Url = {https://github.com/JaMeZ-B/latex-wwu/raw/master/DiffMa_SS14/diff_ma.pdf?raw=true},
	Urldate = {2015-06-11},
	Year = {2014},
	Bdsk-Url-1 = {https://github.com/JaMeZ-B/latex-wwu/raw/master/DiffMa_SS14/diff_ma.pdf?raw=true}}

@book{Warner,
	Author = {Frank W. Warner},
	Publisher = {Springer},
	Title = {Foundations of Differentiable Manifolds and Lie Groups},
	Year = {1983}}

@book{Lang,
	Author = {Serge Lang},
	Publisher = {Addison-Wesley},
	Title = {Analysis II.},
	Year = {1969}}

@book{Spivak,
	Author = {Michael David Spivak},
	Edition = {2},
	Publisher = {Publish or Perish},
	Title = {A Comprehensive Introduction to Differential Geometry},
	Volume = {1},
	Year = {1979}}

@book{Bred,
	Author = {Bredon, Glen E.},
	Publisher = {Springer},
	Title = {Topology and {G}eometry},
	Year = {1993}}
	
@book{Hatcher,
	Author = {Allen Hatcher},
	Publisher = {Cambridge University Press},
	Title = {Algebraic Topology},
	Year = {2002}}

@book{BroJae,
	Author = {Broecker, T. and Jänich, K.},
	Edition = {1},
	Publisher = {Springer},
	Title = {Einführung in die {D}ifferentialtopologie},
	Year = {1973}}

@book{BrotD,
	Author = {Broecker, T. and {tom Dieck}, T.},
	Publisher = {Springer},
	Title = {Representations of {C}ompact {L}ie {G}roups},
	Year = {1985}}

@unpublished{Wald1,
	Author = {Friedhelm Waldhausen},
	Title = {Algebraische Topologie I.},
	Howpublished = {mit \TeX{} erstelltes
	 Vorlesungsskript},
	Url = {https://www.math.uni-bielefeld.de/~fw/},
	Urldate = {2015-10-20},
	Shorthand = {WalA}}
	
@unpublished{Wald2,
	Author = {Friedhelm Waldhausen},
	Title = {Algebraische Topologie II.},
	Howpublished = {mit \TeX{} erstelltes
	 Vorlesungsskript},
	Url = {https://www.math.uni-bielefeld.de/~fw/},
	Urldate = {2015-10-20},
	Shorthand = {WalB}}

@book{Miln,
	Author = {Milnor, J.},
	Edition = {8th Printing},
	Publisher = {The University Press of Virginia Charlottesville},
	Title = {Topology from the {D}ifferentiable {V}iewpoint},
	Year = {1990}}
	
@book{Murphy,
	Author = {Gerard J. Murphy},
	Publisher = {Academic Press},
	Title = {C*-{A}lgebras and Operator Theory},
	Year = {1990}}
	
@book{PedC*,
	Author = {Gert Kjærgård Pedersen},
	Publisher ={Academic Press},
	Series = {London Mathematical Society Monographs},
	Title = {C*-{A}lgebras and their {A}utomorphism {G}roups},
	Year = {1979}}
	
@book{Kasch,
	Author = {Friedrich Kasch},
	Publisher ={Teubner},
	Series = {Mathematische Leitfäden},
	Title = {Moduln und Ringe},
	Year = {1977}}

@book{HiltonHomAlg,
	Author = {Peter John Hilton and Urs Stammbach},
	Edition = {2},
	Publisher ={Springer},
	Series = {Graduate texts in mathematics},
	Title = {A Course in Homological Algebra},
	Year = {1996}}

@book{Massey,
	Author = {William S. Massey},
	Publisher ={Springer},
	Series = {Graduate texts in mathematics},
	Title = {A Basic Course in Algebraic Topology},
	Year = {1991}}
	
@book{Rosenberg,
  title={Algebraic K-Theory and Its Applications},
  author={Rosenberg, J.},
  isbn={9780387942483},
  series={Algebraic K-theory and Its Applications},
  year={1994},
  publisher={Springer}
}

@book{Weibel,
  title={The K-book: An introduction to algebraic K-theory},
  author={Weibel, Charles A},
  year={2013},
  publisher={American Mathematical Society Providence (RI)},
  url ={http://www.math.rutgers.edu/~weibel/Kbook.html},
  urldate = {2016-04-11}
}

@book{MilnorKtheory,
  title={Introduction to algebraic K-theory},
  author={Milnor, John Willard},
  number={72},
  year={1971},
  publisher={Princeton University Press}
}

@unpublished{Ziller,
	Author = {Wolfgang Ziller},
	Title = {Lie Groups. Representation Theory and Symmetric Spaces},
	Howpublished = {Vorlesungsskript},
	Url = {https://www.math.upenn.edu/~wziller/math650/LieGroupsReps.pdf},
	Urldate = {2016-04-11},
	Year= {2010}}
	
@unpublished{Berndt,
	Author = {Jürgen Berndt},
	Title = {Lie group actions on manifolds},
	Howpublished = {Vorlesungsskript},
	Url = {https://nms.kcl.ac.uk/juergen.berndt/publications.html},
	Urldate = {2016-04-11},
	Year = {2002}}
	
@book{brown2008,
  title={C*-algebras and finite-dimensional approximations},
  author={Brown, Nathanial Patrick and Ozawa, Narutaka},
  volume={88},
  year={2008},
  publisher={American Mathematical Soc.}
}

@book{rordam2000,
  title={An Introduction to K-theory for C*-algebras},
  author={Rørdam, Mikael and Larsen, Flemming and Laustsen, Niels},
  volume={49},
  year={2000},
  publisher={Cambridge University Press}
}

@book{wegge,
  title={K-theory and C*-algebras: a Friendly Approach},
  author={Wegge-Olsen, Niels Erik},
  year={1994},
  publisher={Oxford Science Publications}
}

@book{blackadar1998,
  title={K-theory for operator algebras},
  author={Blackadar, Bruce},
  volume={5},
  year={1998},
  publisher={Cambridge University Press}
}

@book{blackadar2006,
  title={Operator algebras: theory of C*-algebras and von Neumann algebras},
  author={Blackadar, Bruce},
  volume={122},
  year={2006},
  publisher={Springer Science \& Business Media}
}

@misc{takesaki2002,
  title={Theory of operator algebras I.},
  author={Takesaki, Masamichi},
  year={2002},
  publisher={Springer-Verlag, Berlin}
}

@book{kadison1997-1,
  title={Fundamentals of the theory of operator algebras: Advanced theory},
  author={Kadison, Richard V and Ringrose, John R},
  volume={1},
  year={1997},
  publisher={American Mathematical Soc.}
}

@book{kadison1997-2,
  title={Fundamentals of the theory of operator algebras: Advanced theory},
  author={Kadison, Richard V and Ringrose, John R},
  volume={1},
  year={1997},
  publisher={American Mathematical Soc.}
}

@unpublished{OpAlg,
	Author = {Wilhelm Winter},
	Howpublished = {Mitschrift ge\TeX{}t von Jannes Bantje},
	Title = {Operatoralgebren},
	Url = {https://github.com/JaMeZ-B/LaTeX-WWU/releases/download/latest/operatoralgebren.pdf},
	Urldate = {2016-04-19},
	Year = {2016},
	Shorthand = {OpAlg}
}

@book{LeeSmooth,
  title={Introduction to Smooth manifolds},
  author={Lee, John M},
  year={2003},
  publisher={Springer}
}

@book{JacobsonLieAlg,
  title={Lie algebras},
  author={Nathan Jacobson},
  year={1962},
  publisher={John Wiley \& Sons Inc.}
}

@book{stockerAlgTop,
  title={Algebraische Topologie: Eine Einführung},
  author={Stöcker, Ralph and Zieschang, Heiner},
  year={2013},
  publisher={Springer-Verlag, Berlin}
}

@book{procesiLie,
  title={Lie groups: an approach through invariants and representations},
  author={Procesi, Claudio},
  year={2006},
  publisher={Springer-Verlag, New York}
}

@article{MyersSteenrod,
 ISSN = {0003486X},
 URL = {http://www.jstor.org/stable/1968928},
 author = {S. B. Myers and N. E. Steenrod},
 journal = {Annals of Mathematics},
 number = {2},
 pages = {400-416},
 publisher = {Annals of Mathematics},
 title = {The Group of Isometries of a Riemannian Manifold},
 volume = {40},
 year = {1939}
}

@book{hirschDifferential,
  title={Differential topology},
  author={Hirsch, Morris W},
  volume={33},
  Series = {Graduate texts in mathematics},
  year={1976},
  publisher={Springer-Verlag, New York}
}

@incollection{wahlHomological,
  title={Homological stability for mapping class groups of surfaces},
  booktitle={Handbook of Moduli},
  volume={3},
  author={Wahl, Nathalie},
  number={26},
  series={Advanced Lectures in Mathematics},
  url={http://www.math.ku.dk/~wahl/MCGsurvey.pdf},
  urldate={2016-11-09},
  year={2013},
  publisher={International Press}
}

@book{cliffordGM,
  title={Clifford algebras and Dirac operators in harmonic analysis},
  author={John E. Gilbert and Margaret A.M. Murray},
  volume={26},
  Series = {Cambridge studies in advanced mathematics},
  year={1991},
  publisher={Cambridge University Press}
}

@book{morishita,
  title={Knots and primes: an introduction to arithmetic topology},
  author={Morishita, Masanori},
  year={2011},
  publisher={Springer Science \& Business Media}
}
